<record><leader>00000cas a22000007a 4500</leader><controlfield tag="001">10340257</controlfield><controlfield tag="008">840126d18731916njuwr ne      0    0eng d</controlfield><datafield ind1=" " ind2=" " tag="010"><subfield code="a">sn 84026220 </subfield></datafield><datafield ind1=" " ind2=" " tag="040"><subfield code="a">NPU</subfield><subfield code="b">eng</subfield><subfield code="c">NPU</subfield><subfield code="d">NPX</subfield><subfield code="d">NPA</subfield><subfield code="d">NJW</subfield><subfield code="d">MGN</subfield><subfield code="d">OCLCQ</subfield></datafield><datafield ind1=" " ind2=" " tag="042"><subfield code="a">msc</subfield></datafield><datafield ind1="0" ind2=" " tag="130"><subfield code="a">Princeton press (Princeton, N.J. : 1873)</subfield></datafield><datafield ind1="1" ind2="0" tag="245"><subfield code="a">Princeton press.</subfield></datafield><datafield ind1=" " ind2=" " tag="260"><subfield code="a">Princeton, N.J. :</subfield><subfield code="b">C.S. Robinson,</subfield><subfield code="c">1873-1916.</subfield></datafield><datafield ind1=" " ind2=" " tag="300"><subfield code="a">v. :</subfield><subfield code="b">ill. (chiefly advertisements) ;</subfield><subfield code="c">61 cm.</subfield></datafield><datafield ind1=" " ind2=" " tag="310"><subfield code="a">Weekly</subfield></datafield><datafield ind1="0" ind2=" " tag="362"><subfield code="a">Vol. 42, no. 1 (Jan. 4, 1873)-v. 86, no. 6 (Feb. 5, 1916).</subfield></datafield><datafield ind1=" " ind2=" " tag="500"><subfield code="a">Printed by Princeton University Press, &lt;1909-1910&gt;.</subfield></datafield><datafield ind1=" " ind2=" " tag="500"><subfield code="a">Editor: Charles S. Robinson, 1873-&lt;1876&gt;; Edwin M. Norris, &lt;1909&gt;.</subfield></datafield><datafield ind1=" " ind2=" " tag="500"><subfield code="a">Republican. Cf. Rowell, 1873.</subfield></datafield><datafield ind1=" " ind2=" " tag="752"><subfield code="a">United States</subfield><subfield code="b">New Jersey</subfield><subfield code="c">Mercer</subfield><subfield code="d">Princeton.</subfield></datafield><datafield ind1="0" ind2="0" tag="780"><subfield code="t">Princetonian (Princeton, N.J. : 1870)</subfield><subfield code="w">(DLC)sn 85035900</subfield><subfield code="w">(OCoLC)13039615</subfield></datafield><datafield ind1="0" ind2="0" tag="785"><subfield code="t">Princeton packet (Princeton, N.J. : 1916)</subfield><subfield code="w">(DLC)sn 85035901</subfield><subfield code="w">(OCoLC)13039616</subfield></datafield></record>